@inproceedings{NIPS_learning_weights_pruning,
	author = {Han, Song and Pool, Jeff and Tran, John and Dally, William J.},
	title = {{Learning Both Weights and Connections for Efficient Neural Networks}},
	booktitle = {{Proceedings of the 28th International Conference on Neural Information Processing Systems - Volume 1}},
	series = {{NIPS'15}},
	year = {2015},
	location = {Montreal, Canada},
	pages = {1135--1143},
	numpages = {9},
	url = {http://dl.acm.org/citation.cfm?id=2969239.2969366},
	acmid = {2969366},
	publisher = {MIT Press},
	address = {Cambridge, MA, USA},
} 

@incollection{OBD,
	author = {LeCun, Yann and Denker, John S. and Solla, Sara A.},
	chapter = {Optimal Brain Damage},
	title = {{Advances in Neural Information Processing Systems 2}},
	editor = {Touretzky, David S.},
	year = {1990},
	isbn = {1-55860-100-7},
	pages = {598--605},
	numpages = {8},
	url = {http://dl.acm.org/citation.cfm?id=109230.109298},
	acmid = {109298},
	publisher = {Morgan Kaufmann Publishers Inc.},
	address = {San Francisco, CA, USA},
}

@INPROCEEDINGS{OBS, 
	author={B. {Hassibi} and D. G. {Stork} and G. J. {Wolff}}, 
	booktitle={IEEE International Conference on Neural Networks}, 
	title={{Optimal Brain Surgeon and General Network Pruning}}, 
	year={1993}, 
	volume={}, 
	number={}, 
	pages={293-299 vol.1}, 
	keywords={generalisation (artificial intelligence);learning (artificial intelligence);neural nets;Optimal Brain Surgeon;general network pruning;second-order derivatives;error function;generalization;storage requirements;rule extraction;recursion relation;inverse Hessian matrix;structural information;trained XOR network;Surges;Training data;Hardware;Data mining;Backpropagation;Benchmark testing;Machine learning;Pattern recognition;Biological neural networks;Statistics}, 
	doi={10.1109/ICNN.1993.298572}, 
	ISSN={}, 
	month={March},}

@MISC{lprune,
	author = {Lutz Prechelt},
	title = {{Adaptive Parameter Pruning in Neural Networks}},
	year = {1995}
}

@inproceedings{prune_for_architecture,
	title={{Rethinking the Value of Network Pruning}},
	author={Zhuang Liu and Mingjie Sun and Tinghui Zhou and Gao Huang and Trevor Darrell},
	booktitle={International Conference on Learning Representations},
	year={2019},
	url={https://openreview.net/forum?id=rJlnB3C5Ym},
}

@article{prune_transfer_learning,
	author    = {Pavlo Molchanov and
	Stephen Tyree and
	Tero Karras and
	Timo Aila and
	Jan Kautz},
	title     = {{Pruning Convolutional Neural Networks for Resource Efficient Transfer
	Learning}},
	journal   = {CoRR},
	volume    = {abs/1611.06440},
	year      = {2016},
	url       = {http://arxiv.org/abs/1611.06440},
	archivePrefix = {arXiv},
	eprint    = {1611.06440},
	timestamp = {Mon, 13 Aug 2018 16:46:56 +0200},
	biburl    = {https://dblp.org/rec/bib/journals/corr/MolchanovTKAK16},
	bibsource = {dblp computer science bibliography, https://dblp.org}
}

@article{prune_entropy,
	author    = {Jian{-}Hao Luo and
	Jianxin Wu},
	title     = {{An Entropy-based Pruning Method for {CNN} Compression}},
	journal   = {CoRR},
	volume    = {abs/1706.05791},
	year      = {2017},
	url       = {http://arxiv.org/abs/1706.05791},
	archivePrefix = {arXiv},
	eprint    = {1706.05791},
	timestamp = {Mon, 13 Aug 2018 16:47:34 +0200},
	biburl    = {https://dblp.org/rec/bib/journals/corr/LuoW17},
	bibsource = {dblp computer science bibliography, https://dblp.org}
}

@article{prune_slimming,
	author    = {Zhuang Liu and
	Jianguo Li and
	Zhiqiang Shen and
	Gao Huang and
	Shoumeng Yan and
	Changshui Zhang},
	title     = {{Learning Efficient Convolutional Networks through Network Slimming}},
	journal   = {CoRR},
	volume    = {abs/1708.06519},
	year      = {2017},
	url       = {http://arxiv.org/abs/1708.06519},
	archivePrefix = {arXiv},
	eprint    = {1708.06519},
	timestamp = {Mon, 10 Sep 2018 15:49:32 +0200},
	biburl    = {https://dblp.org/rec/bib/journals/corr/abs-1708-06519},
	bibsource = {dblp computer science bibliography, https://dblp.org}
}

@article{prune_nisp,
	author    = {Ruichi Yu and
	Ang Li and
	Chun{-}Fu Chen and
	Jui{-}Hsin Lai and
	Vlad I. Morariu and
	Xintong Han and
	Mingfei Gao and
	Ching{-}Yung Lin and
	Larry S. Davis},
	title     = {{{NISP}: Pruning Networks using Neuron Importance Score Propagation}},
	journal   = {CoRR},
	volume    = {abs/1711.05908},
	year      = {2017},
	url       = {http://arxiv.org/abs/1711.05908},
	archivePrefix = {arXiv},
	eprint    = {1711.05908},
	timestamp = {Mon, 13 Aug 2018 16:49:13 +0200},
	biburl    = {https://dblp.org/rec/bib/journals/corr/abs-1711-05908},
	bibsource = {dblp computer science bibliography, https://dblp.org}
}

@article{prune_thinet,
	author    = {Jian{-}Hao Luo and
	Jianxin Wu and
	Weiyao Lin},
	title     = {{{ThiNet}: {A} Filter Level Pruning Method for Deep Neural Network Compression}},
	journal   = {CoRR},
	volume    = {abs/1707.06342},
	year      = {2017},
	url       = {http://arxiv.org/abs/1707.06342},
	archivePrefix = {arXiv},
	eprint    = {1707.06342},
	timestamp = {Mon, 13 Aug 2018 16:47:53 +0200},
	biburl    = {https://dblp.org/rec/bib/journals/corr/LuoWL17},
	bibsource = {dblp computer science bibliography, https://dblp.org}
}

@article{prune_inference,
	author    = {Pavlo Molchanov and
	Stephen Tyree and
	Tero Karras and
	Timo Aila and
	Jan Kautz},
	title     = {{Pruning Convolutional Neural Networks for Resource Efficient Transfer
	Learning}},
	journal   = {CoRR},
	volume    = {abs/1611.06440},
	year      = {2016},
	url       = {http://arxiv.org/abs/1611.06440},
	archivePrefix = {arXiv},
	eprint    = {1611.06440},
	timestamp = {Mon, 13 Aug 2018 16:46:56 +0200},
	biburl    = {https://dblp.org/rec/bib/journals/corr/MolchanovTKAK16},
	bibsource = {dblp computer science bibliography, https://dblp.org}
}

@article{metalearning1,
	author    = {Chelsea Finn and
	Pieter Abbeel and
	Sergey Levine},
	title     = {{Model-Agnostic Meta-Learning for Fast Adaptation of Deep Networks}},
	journal   = {CoRR},
	volume    = {abs/1703.03400},
	year      = {2017},
	url       = {http://arxiv.org/abs/1703.03400},
	archivePrefix = {arXiv},
	eprint    = {1703.03400},
	timestamp = {Mon, 13 Aug 2018 16:47:43 +0200},
	biburl    = {https://dblp.org/rec/bib/journals/corr/FinnAL17},
	bibsource = {dblp computer science bibliography, https://dblp.org}
}

@article{metalearning2,
	author    = {Da Li and
	Yongxin Yang and
	Yi{-}Zhe Song and
	Timothy M. Hospedales},
	title     = {{Learning to Generalize: Meta-Learning for Domain Generalization}},
	journal   = {CoRR},
	volume    = {abs/1710.03463},
	year      = {2017},
	url       = {http://arxiv.org/abs/1710.03463},
	archivePrefix = {arXiv},
	eprint    = {1710.03463},
	timestamp = {Mon, 13 Aug 2018 16:48:18 +0200},
	biburl    = {https://dblp.org/rec/bib/journals/corr/abs-1710-03463},
	bibsource = {dblp computer science bibliography, https://dblp.org}
}


